@misc{elsevier_abstract_2024,
  author       = {Levenshtein},
  title        = {Levenshtein distance},
  year         = {2024},
  url          = {https://www.geeksforgeeks.org/introduction-to-levenshtein-distance/},
  note         = {Accessed: 2024-10-11},
}
